@Book{turingomnibus,
  title = {The {New} {Turing} {Omnibus}: 66 excursions in {Computer} {Science}},
  author = {A. K. Dewdney},
  publisher = {Henry Holt},
  address = {New York},
  year = {2001},
  isbn = {9780805071665},
  url = {https://en.wikipedia.org/wiki/Special:BookSources?isbn=978-0805071665}
}

@misc{latexproject,
  author = {Layla Tex},
  title = {{LaTeX} â€“ A document preparation system},
  year = {2020},
  publisher = {latex-project.org},
  url = {https://www.latex-project.org}
}

@misc{codinghorror,
  author = {Jeff Atwood},
  title = {{Practicing} the {Fundamentals}: {The} {New} {Turing} {Omnibus}},
  year = {2007},
  publisher = {codinghorror.com},
  url = {https://blog.codinghorror.com/practicing-the-fundamentals-the-new-turing-omnibus/}
}

@book{kopka,
  author = {Helmut Kopka and Patrick W. Daly},
  title = {Guide to {LaTeX}},
  year = {2003},
  publisher = {Addison-Wesley},
  address = {Boston, Massachusetts},
  year = {2001},
  isbn = {9780321173850},
  edition = {Fourth edition},
  url = {https://en.wikipedia.org/wiki/Special:BookSources?isbn=978-0321173850}
}

@article{turing,
  doi = {10.1112/plms/s2-42.1.230},
  url = {https://doi.org/10.1112/plms/s2-42.1.230},
  year = {1937},
  publisher = {Wiley},
  volume = {s2-42},
  number = {1},
  pages = {230--265},
  author = {Alan Turing},
  title = {On Computable Numbers, with an Application to the Entscheidungsproblem},
  journal = {Proceedings of the London Mathematical Society}
}

@misc{googlescholar,
  author       = {Anon},
  title        = {{Alan} {Turing's} {Publications}},
  publisher    = {scholar.google.com},
  url          = {https://scholar.google.co.uk/citations?user=VWCHlwkAAAAJ},
  year         = {2020},
}

@misc{debugcv,
  author       = {Duncan Hull},
  title        = {Debug your {CV}},
  publisher    = {git.io/mycv},
  url          = {https://git.io/mycv},
  year         = {2020},
}

@article{turing50,
  doi = {10.1093/mind/lix.236.433},
  url = {https://doi.org/10.1093/mind/lix.236.433},
  year = {1950},
  publisher = {Oxford University Press},
  location = {Oxford},
  volume = {{LIX}},
  number = {236},
  pages = {433--460},
  author = {Alan Turing},
  title = {I.{\textemdash}{Computing} {Machinery} and {Intelligence}},
  journal = {Mind}
}

@book{knuth,
  author = {Donald Knuth},
  title = {The {TeXbook}},
  year = {1984},
  publisher = {Addison-Wesley},
  address = {Boston, Massachusetts},
  isbn = {9780201134483},
  url = {https://en.wikipedia.org/wiki/Special:BookSources?isbn=978-0201134483}
}

@inproceedings{debugyourfuture,
  author = {Duncan Hull},
  title  = {Debugging your future},
  booktitle = {Coding Your Future: A Guidebook for Students},
  year ={2021},
  organization = {University of Manchester},
  url = {https://www.cdyf.me/debugging.html},
  publisher = {github.com},
}
